@article{mckeown2008openflow,
  title={OpenFlow: enabling innovation in campus networks},
  author={McKeown, Nick and Anderson, Tom and Balakrishnan, Hari and Parulkar, Guru and Peterson, Larry and Rexford, Jennifer and Shenker, Scott and Turner, Jonathan},
  journal={ACM SIGCOMM Computer Communication Review},
  volume={38},
  number={2},
  pages={69--74},
  year={2008},
  publisher={ACM}
}

@inproceedings{podymov2013uppaal,
  title={UPPAAL-based software-defined network verification},
  author={Podymov, Vladislav and Popesko, Uliana},
  booktitle={Tools \& Methods of Program Analysis (TMPA), 2013},
  pages={9--14},
  year={2013},
  organization={IEEE}
}

@inproceedings{park2015software,
  title={Software-defined networking (SDN) control message classification, verification, and optimization system},
  author={Park, Hyungbae and Song, Sejun and Choi, Baek-Young and Zhu, Henry},
  booktitle={Software Reliability Engineering Workshops (ISSREW), 2015 IEEE International Symposium on},
  pages={25--28},
  year={2015},
  organization={IEEE}
}

@article{li2013software,
  title={Software defined networks},
  author={Li, Chung-Sheng and Liao, Wanjiun},
  journal={IEEE Communications Magazine},
  volume={51},
  number={2},
  pages={113--114},
  year={2013}
}

@misc{openflow2011openflow,
  title={OpenFlow Switch Specification Version 1.1.0},
  author={OpenFlow Switch Specification},
  year={2011},
  publisher={February}
}

@article{kreutz2015software,
  title={Software-defined networking: A comprehensive survey},
  author={Kreutz, Diego and Ramos, Fernando MV and Verissimo, Paulo Esteves and Rothenberg, Christian Esteve and Azodolmolky, Siamak and Uhlig, Steve},
  journal={Proceedings of the IEEE},
  volume={103},
  number={1},
  pages={14--76},
  year={2015},
  publisher={IEEE}
}

@inproceedings{kroening2014cbmc,
  title={CBMC--C bounded model checker},
  author={Kroening, Daniel and Tautschnig, Michael},
  booktitle={International Conference on Tools and Algorithms for the Construction and Analysis of Systems},
  pages={389--391},
  year={2014},
  organization={Springer}
}

@article{clarke2001bounded,
  title={Bounded model checking using satisfiability solving},
  author={Clarke, Edmund and Biere, Armin and Raimi, Richard and Zhu, Yunshan},
  journal={Formal methods in system design},
  volume={19},
  number={1},
  pages={7--34},
  year={2001},
  publisher={Springer}
}

@article{clarke1986automatic,
  title={Automatic verification of finite-state concurrent systems using temporal logic specifications},
  author={Clarke, Edmund M. and Emerson, E. Allen and Sistla, A. Prasad},
  journal={ACM Transactions on Programming Languages and Systems (TOPLAS)},
  volume={8},
  number={2},
  pages={244--263},
  year={1986},
  publisher={ACM}
}

@article{burch1992symbolic,
  title={Symbolic model checking: 1020 states and beyond},
  author={Burch, Jerry R and Clarke, Edmund M and McMillan, Kenneth L and Dill, David L and Hwang, Lain-Jinn},
  journal={Information and computation},
  volume={98},
  number={2},
  pages={142--170},
  year={1992},
  publisher={Elsevier}
}

@inproceedings{casado2006sane,
  title={SANE: A Protection Architecture for Enterprise Networks.},
  author={Casado, Martin and Garfinkel, Tal and Akella, Aditya and Freedman, Michael J and Boneh, Dan and McKeown, Nick and Shenker, Scott},
  booktitle={Usenix Security},
  year={2006}
}

@article{medvidovic2002modeling,
  title={Modeling software architectures in the Unified Modeling Language},
  author={Medvidovic, Nenad and Rosenblum, David S and Redmiles, David F and Robbins, Jason E},
  journal={ACM Transactions on Software Engineering and Methodology (TOSEM)},
  volume={11},
  number={1},
  pages={2--57},
  year={2002},
  publisher={ACM}
}

@article{larsen1997uppaal,
  title={UPPAAL in a nutshell},
  author={Larsen, Kim G and Pettersson, Paul and Yi, Wang},
  journal={International Journal on Software Tools for Technology Transfer (STTT)},
  volume={1},
  number={1},
  pages={134--152},
  year={1997},
  publisher={Springer}
}
